<record><leader>00000cas a22000007a 4500</leader><controlfield tag="001">14564280</controlfield><controlfield tag="008">861029d18791895wiuwr ne      0    0eng  </controlfield><datafield ind1=" " ind2=" " tag="010"><subfield code="a">sn 86072065 </subfield></datafield><datafield ind1=" " ind2=" " tag="040"><subfield code="a">DLC</subfield><subfield code="b">eng</subfield><subfield code="c">DLC</subfield><subfield code="d">NPV</subfield><subfield code="d">OCLCQ</subfield></datafield><datafield ind1=" " ind2=" " tag="042"><subfield code="a">msc</subfield></datafield><datafield ind1="0" ind2="0" tag="050"><subfield code="a">Newspaper 10216-X</subfield></datafield><datafield ind1="0" ind2=" " tag="130"><subfield code="a">Lake Geneva news (Lake Geneva, Wis. : 1879)</subfield></datafield><datafield ind1="1" ind2="0" tag="245"><subfield code="a">Lake Geneva news.</subfield></datafield><datafield ind1="3" ind2="0" tag="246"><subfield code="a">Lake Geneva news and Genoa Junction journal</subfield></datafield><datafield ind1=" " ind2=" " tag="260"><subfield code="a">Lake Geneva, Wis. :</subfield><subfield code="b">C.H. Burdick,</subfield><subfield code="c">-1895.</subfield></datafield><datafield ind1=" " ind2=" " tag="300"><subfield code="a">v. ;</subfield><subfield code="c">51 cm.</subfield></datafield><datafield ind1=" " ind2=" " tag="310"><subfield code="a">Weekly</subfield></datafield><datafield ind1="1" ind2=" " tag="362"><subfield code="a">Began with July 18, 1879 issue.</subfield><subfield code="z">Cf. Oehlerts, d. E. Guide to Wis. newspapers.</subfield></datafield><datafield ind1="0" ind2=" " tag="362"><subfield code="a">-v. 18, no. 48 (Dec. 5, 1895).</subfield></datafield><datafield ind1=" " ind2=" " tag="588"><subfield code="a">Description based on: Vol. 7, no. 1 (Jan. 1, 1885).</subfield></datafield><datafield ind1=" " ind2=" " tag="752"><subfield code="a">United States</subfield><subfield code="b">Wisconsin</subfield><subfield code="c">Walworth</subfield><subfield code="d">Lake Geneva.</subfield></datafield><datafield ind1="0" ind2="5" tag="780"><subfield code="t">Genoa Junction journal</subfield><subfield code="w">(DLC)sn 84025587</subfield></datafield><datafield ind1="0" ind2="0" tag="785"><subfield code="t">Lake Geneva weekly news</subfield><subfield code="w">(DLC)sn 87082108</subfield></datafield></record>